%% This BibTeX bibliography file was created using BibDesk.
%% http://bibdesk.sourceforge.net/

%% Created for martin raming at 2018-03-26 20:59:22 -0600 


%% Saved with string encoding Unicode (UTF-8) 



@manual{DIC_Err,
	Date-Added = {2018-03-27 02:52:00 +0000},
	Date-Modified = {2018-03-27 02:52:48 +0000},
	Organization = {Correlated Solutions},
	Title = {Minimizing Noise And Bias in 3D DIC}}

@manual{DIC_Test,
	Date-Added = {2018-03-27 01:40:26 +0000},
	Date-Modified = {2018-03-27 02:02:43 +0000},
	Organization = {Correlated Solutions},
	Title = {Vic-2d v6 Testing Guide}}

@article{speckle,
	Author = {D. Lecompte, A. Smiths, Sven Bossuyt, H. Sol, J. Vantomme, D. Van Hemelrijk, A.M. Habraken},
	Date-Added = {2018-03-27 00:49:57 +0000},
	Date-Modified = {2018-03-27 00:53:15 +0000},
	Journal = {Optics and Lazers in Enginerring},
	Title = {Quaality Assessment of Speckle Patterns for Digital Image Correlation},
	Year = {2006}}

@book{notch,
	Author = {H. Tada, P.C. Paris, G.R. Irwin},
	Date-Added = {2018-03-26 19:02:36 +0000},
	Date-Modified = {2018-03-26 19:04:25 +0000},
	Edition = {2nd},
	Publisher = {Paris Productions},
	Title = {The Stress Analysis of Cracks Handbook},
	Year = {1985}}

@article{straingauge,
	Author = {Levend Parnast, Omer G. Bilir, Erdinc Tezcan},
	Date-Added = {2018-03-26 18:59:24 +0000},
	Date-Modified = {2018-03-26 19:02:31 +0000},
	Journal = {Engineering Fracture Mechanics},
	Title = {Strain Gage Methods for Measurement of Opening Mode Stress Intensity Factor},
	Year = {1996}}

@book{Fracture,
	Author = {TL Anderson},
	Date-Added = {2018-03-26 18:56:55 +0000},
	Date-Modified = {2018-03-26 18:59:22 +0000},
	Edition = {3rd},
	Publisher = {CRC Press},
	Title = {Fracture Mechanics Fundamentals and Applications},
	Year = {2005}}

@article{Zhang,
	Author = {Rui Zhang, Lingfeng He},
	Date-Added = {2018-03-21 23:21:33 +0000},
	Date-Modified = {2018-03-21 23:32:01 +0000},
	Journal = {Optics and Lazers in Enginerring},
	Title = {Measurement of mixed-mode stress intensity factors using digital image correlationmethod},
	Year = {2012}}

@book{DIC,
	Author = {Michael A. Sutton, Jean-Jose Orteu, Hubert W. Schreier},
	Date-Added = {2018-03-21 23:18:13 +0000},
	Date-Modified = {2018-03-27 02:59:22 +0000},
	Publisher = {Springer},
	Title = {Image Correlation for Shape, Motion and Deformation Measurements},
	Year = {2009}}

@manual{Vic-2D,
	Date-Added = {2018-03-21 23:16:39 +0000},
	Date-Modified = {2018-03-21 23:27:47 +0000},
	Organization = {Correlated Solutions},
	Title = {Vic-2D Referance Manual}}
